@inproceedings{dos2014deep,
  title={Deep convolutional neural networks for sentiment analysis of short texts},
  author={Dos Santos, Cicero and Gatti, Maira},
  booktitle={Proceedings of COLING 2014, the 25th International Conference on Computational Linguistics: Technical Papers},
  pages={69--78},
  year={2014}
}

@inproceedings{socher2013recursive,
  title={Recursive deep models for semantic compositionality over a sentiment treebank},
  author={Socher, Richard and Perelygin, Alex and Wu, Jean and Chuang, Jason and Manning, Christopher D and Ng, Andrew Y and Potts, Christopher},
  booktitle={Proceedings of the 2013 conference on empirical methods in natural language processing},
  pages={1631--1642},
  year={2013}
}

@inproceedings{paltoglou2010study,
  title={A study of information retrieval weighting schemes for sentiment analysis},
  author={Paltoglou, Georgios and Thelwall, Mike},
  booktitle={Proceedings of the 48th annual meeting of the association for computational linguistics},
  pages={1386--1395},
  year={2010}
}

@inproceedings{wang2012system,
  title={A system for real-time twitter sentiment analysis of 2012 us presidential election cycle},
  author={Wang, Hao and Can, Do{\u{g}}an and Kazemzadeh, Abe and Bar, Fran{\c{c}}ois and Narayanan, Shrikanth},
  booktitle={Proceedings of the ACL 2012 system demonstrations},
  pages={115--120},
  year={2012}
}
